@article{Evans_2008,
	doi = {10.1088/1748-0221/3/08/s08001},
	url = {https://doi.org/10.1088%2F1748-0221%2F3%2F08%2Fs08001},
	year = 2008,
	month = {aug},
	publisher = {{IOP} Publishing},
	volume = {3},
	number = {08},
	pages = {S08001--S08001},
	author = {Lyndon Evans and Philip Bryant},
	title = {{LHC} Machine},
	journal = {J. Instrum}
}

@article{Aad:2008zzm,
    author = "Aad, G. and others",
    collaboration = "ATLAS",
    doi = "10.1088/1748-0221/3/08/S08003",
    journal = "J. Instrum",
    pages = "S08003",
    title = "{The {ATLAS} {E}xperiment at the CERN {L}arge {H}adron {C}ollider}",
    volume = "3",
    year = "2008"
}

@article{Gaillard_1999,
   title={{T}he standard model of particle physics},
   volume={71},
   ISSN={1539-0756},
   url={http://dx.doi.org/10.1103/RevModPhys.71.S96},
   DOI={10.1103/revmodphys.71.s96},
   number={2},
   journal={Rev. Mod. Phys},
   publisher={American Physical Society (APS)},
   author={Gaillard, Mary K. and Grannis, Paul D. and Sciulli, Frank J.},
   year={1999},
   month={Mar},
   pages={S96–S111}
}

@article{Aad_2012,
   title={{O}bservation of a new particle in the search for the {S}tandard {M}odel {H}iggs boson with the {ATLAS} detector at the {LHC}},
   volume={716},
   ISSN={0370-2693},
   url={http://dx.doi.org/10.1016/j.physletb.2012.08.020},
   DOI={10.1016/j.physletb.2012.08.020},
   number={1},
   journal={Phys. Lett B},
   publisher={Elsevier BV},
   author={Aad, G. and Abajyan, T. and Abbott, B. and Abdallah, J. and Abdel Khalek, S. and Abdelalim, A.A. and Abdinov, O. and Aben, R. and Abi, B. and Abolins, M. and et al.},
   year={2012},
   month={Sep},
   pages={1–29}
}

@misc{rauch2016vectorboson,
    title={Vector-{B}oson {F}usion and {V}ector-{B}oson {S}cattering},
    author={Michael Rauch},
    year={2016},
    eprint={1610.08420},
    archivePrefix={arXiv},
    primaryClass={hep-ph}
}

@misc{dawson1999introduction,
    title={Introduction to {E}lectroweak {S}ymmetry {B}reaking},
    author={S. Dawson},
    year={1999},
    eprint={hep-ph/9901280},
    archivePrefix={arXiv},
    primaryClass={hep-ph}
}

@misc{peccei1995cp,
    title={{CP} {V}iolation: {A} {T}heoretical {R}eview},
    author={R. D. Peccei},
    year={1995},
    eprint={hep-ph/9508389},
    archivePrefix={arXiv},
    primaryClass={hep-ph}
}

@article{Aad_2014,
   title={{E}vidence for {E}lectroweak {P}roduction of ${W}^{\pm}{W}^{\pm}jj$ in $pp$ {C}ollisions at $\sqrt{s} = 8\ {T}e{V}$ with the {ATLAS} Detector},
   volume={113},
   ISSN={1079-7114},
   url={http://dx.doi.org/10.1103/PhysRevLett.113.141803},
   DOI={10.1103/physrevlett.113.141803},
   number={14},
   journal={Phys. Rev. Lett},
   publisher={American Physical Society (APS)},
   author={Aad, G. and Abbott, B. and Abdallah, J. and Abdel Khalek, S. and Abdinov, O. and Aben, R. and Abi, B. and Abolins, M. and AbouZeid, O. S. and Abramowicz, H. and et al.},
   year={2014},
   month={Oct}
}

@article{Chatrchyan:2008aa,
    author = "Chatrchyan, S. and others",
    collaboration = "CMS",
    doi = "10.1088/1748-0221/3/08/S08004",
    journal = "J. Instrum",
    pages = "S08004",
    title = "{{T}he {CMS} {E}xperiment at the {CERN} {LHC}}",
    volume = "3",
    year = "2008"
}

@article{Sirunyan_2018,
   title="{O}bservation of electroweak production of same-sign $W$ boson pairs in the two jet and two same-sign lepton final state in proton-proton collision at $\sqrt{s}=13$ {T}e{V}",
   olume="120",
   ISSN="1079-7114",
   url="http://dx.doi.org/10.1103/PhysRevLett.120.081801",
   DOI="10.1103/physrevlett.120.081801",
   number="8",
   journal="Phys. Rev. Lett",
   publisher="American Physical Society (APS)",
   author="Sirunyan, A. M. and Tumasyan, A. and Adam, W. and Ambrogi, F. and Asilar, E. and Bergauer, T. and Brandstetter, J. and Brondolin, E. and Dragicevic, M. and Erö, J. and et al.",
   year="2018",
   month="Feb"
}

@techreport{ATLAS-CONF-2019-033,
    title         = "{{O}bservation of electroweak production of two jets in
                    association with a ${Z}$-boson pair in $pp$ collisions at
                    $\sqrt{s} = 13$ {T}eV with the {ATLAS} detector}",
    institution   = "CERN",
    collaboration = "ATLAS Collaboration",
    address       = "Geneva",
    number        = "ATLAS-CONF-2019-033",
    month         = "Jul",
    year          = "2019",
    reportNumber  = "ATLAS-CONF-2019-033",
    url           = "https://cds.cern.ch/record/2682845",
}

@article{Brivio_2017,
   title={The {SMEFT}sim package, theory and tools},
   volume={2017},
   ISSN={1029-8479},
   url={http://dx.doi.org/10.1007/JHEP12(2017)070},
   DOI={10.1007/jhep12(2017)070},
   number={12},
   journal={J. High Energy Phys},
   publisher={Springer Science and Business Media LLC},
   author={Brivio, Ilaria and Jiang, Yun and Trott, Michael},
   year={2017},
   month={Dec}
}